% MATRIX ALGEBRA, GENTLE
@book {MR3645468,
    AUTHOR = {Gentle, James E.},
     TITLE = {Matrix algebra},
    SERIES = {Springer Texts in Statistics},
      NOTE = {Theory, computations and applications in statistics,
              Second edition of [ MR2337395]},
 PUBLISHER = {Springer, Cham},
      YEAR = {2017},
     PAGES = {xxix+648},
      ISBN = {978-3-319-64866-8; 978-3-319-64867-5},
   MRCLASS = {15-01 (62-07 62H25 62J05 65Fxx)},
  MRNUMBER = {3645468},
       DOI = {10.1007/978-3-319-64867-5},
       URL = {https://doi.org/10.1007/978-3-319-64867-5},
}

% ELEMENTS OF STATISTICAL LEARNING, HASTIE ET AL
@book {MR2722294,
    AUTHOR = {Hastie, Trevor and Tibshirani, Robert and Friedman, Jerome},
     TITLE = {The elements of statistical learning},
    SERIES = {Springer Series in Statistics},
   EDITION = {Second},
      NOTE = {Data mining, inference, and prediction},
 PUBLISHER = {Springer, New York},
      YEAR = {2009},
     PAGES = {xxii+745},
      ISBN = {978-0-387-84857-0},
   MRCLASS = {62Gxx (62-09 62H25 62H30 62J07 68T05)},
  MRNUMBER = {2722294},
MRREVIEWER = {Gilles Blanchard},
       DOI = {10.1007/978-0-387-84858-7},
       URL = {https://doi.org/10.1007/978-0-387-84858-7},
}
@book{hastie_09_elements-of.statistical-learning,
  added-at = {2010-06-03T15:15:09.000+0200},
  author = {Hastie, Trevor and Tibshirani, Robert and Friedman, Jerome},
  biburl = {https://www.bibsonomy.org/bibtex/200d858c0bd2826d4eb5f39450192d1f5/ukoethe},
  edition = 2,
  file = {:Books\\HastieTibshiraniFriedman-09-Elements-of-Statistical-Learning-2nd-edition\\hastie_09_elements-of.statistical-learning.pdf:PDF},
  interhash = {52d1772f39be836e3b298d37b8c0cfa1},
  intrahash = {00d858c0bd2826d4eb5f39450192d1f5},
  keywords = {inference mathmatics dataanalysis method clutering statistics},
  publisher = {Springer},
  timestamp = {2010-06-03T15:15:09.000+0200},
  title = {The elements of statistical learning: data mining, inference and prediction},
  url = {http://www-stat.stanford.edu/~tibs/ElemStatLearn/},
  year = 2009
}

% STATISTICAL LEARNING WITH SPARSITY, HASTIE ET AL
@book{hastie2015statistical,
  title={Statistical learning with sparsity: the lasso and generalizations},
  author={Hastie, Trevor and Tibshirani, Robert and Wainwright, Martin},
  year={2015},
  publisher={Chapman and Hall/CRC}
}

%Supervised group Lasso with applications to microarray data analysis (i.e. our base paper)
@article{ma2007supervised,
  title={Supervised group Lasso with applications to microarray data analysis},
  author={Ma, Shuangge and Song, Xiao and Huang, Jian},
  journal={BMC bioinformatics},
  volume={8},
  number={1},
  pages={60},
  year={2007},
  publisher={BioMed Central}
}

% ridge regression
@article{hoerl1970ridge,
  title={Ridge regression: Biased estimation for nonorthogonal problems},
  author={Hoerl, Arthur E and Kennard, Robert W},
  journal={Technometrics},
  volume={12},
  number={1},
  pages={55--67},
  year={1970},
  publisher={Taylor \& Francis Group}
}

% the lasso
@article{tibshirani1996regression,
  title={Regression shrinkage and selection via the lasso},
  author={Tibshirani, Robert},
  journal={Journal of the Royal Statistical Society: Series B (Methodological)},
  volume={58},
  number={1},
  pages={267--288},
  year={1996},
  publisher={Wiley Online Library}
}

% elastic net
@article{zou2005regularization,
  title={Regularization and variable selection via the elastic net},
  author={Zou, Hui and Hastie, Trevor},
  journal={Journal of the royal statistical society: series B (statistical methodology)},
  volume={67},
  number={2},
  pages={301--320},
  year={2005},
  publisher={Wiley Online Library}
}

% group lasso
@article{yuan2006model,
  title={Model selection and estimation in regression with grouped variables},
  author={Yuan, Ming and Lin, Yi},
  journal={Journal of the Royal Statistical Society: Series B (Statistical Methodology)},
  volume={68},
  number={1},
  pages={49--67},
  year={2006},
  publisher={Wiley Online Library}
}

% sparse group lasso note
@article{friedman2010note,
  title={A note on the group lasso and a sparse group lasso},
  author={Friedman, Jerome and Hastie, Trevor and Tibshirani, Robert},
  journal={arXiv preprint arXiv:1001.0736},
  year={2010}
}

% sparse group lasso paper
@article{simon2013sparse,
  title={A sparse-group lasso},
  author={Simon, Noah and Friedman, Jerome and Hastie, Trevor and Tibshirani, Robert},
  journal={Journal of Computational and Graphical Statistics},
  volume={22},
  number={2},
  pages={231--245},
  year={2013},
  publisher={Taylor \& Francis Group}
}

% overlapping group lasso
@inproceedings{jacob2009group,
  title={Group lasso with overlap and graph lasso},
  author={Jacob, Laurent and Obozinski, Guillaume and Vert, Jean-Philippe},
  booktitle={Proceedings of the 26th annual international conference on machine learning},
  pages={433--440},
  year={2009},
  organization={ACM}
}

% standardized group lasso
@article{simon2012standardization,
  title={Standardization and the group lasso penalty},
  author={Simon, Noah and Tibshirani, Robert},
  journal={Statistica Sinica},
  volume={22},
  number={3},
  pages={983},
  year={2012},
  publisher={NIH Public Access}
}

% gap statistic
@article{tibshirani2001estimating,
  title={Estimating the number of clusters in a data set via the gap statistic},
  author={Tibshirani, Robert and Walther, Guenther and Hastie, Trevor},
  journal={Journal of the Royal Statistical Society: Series B (Statistical Methodology)},
  volume={63},
  number={2},
  pages={411--423},
  year={2001},
  publisher={Wiley Online Library}
}

% pcLasso
@ARTICLE{2018arXiv181004651T,
       author = {{Tay}, J. Kenneth and {Friedman}, Jerome and {Tibshirani}, Robert},
        title = "{Principal component-guided sparse regression}",
      journal = {arXiv e-prints},
     keywords = {Statistics - Methodology, Statistics - Machine Learning},
         year = "2018",
        month = "Oct",
          eid = {arXiv:1810.04651},
        pages = {arXiv:1810.04651},
archivePrefix = {arXiv},
       eprint = {1810.04651},
 primaryClass = {stat.ME},
       adsurl = {https://ui.adsabs.harvard.edu/abs/2018arXiv181004651T},
      adsnote = {Provided by the SAO/NASA Astrophysics Data System}
}

% group lasso for logistic regression
@article{meier2008group,
  title={The group lasso for logistic regression},
  author={Meier, Lukas and Van De Geer, Sara and B{\"u}hlmann, Peter},
  journal={Journal of the Royal Statistical Society: Series B (Statistical Methodology)},
  volume={70},
  number={1},
  pages={53--71},
  year={2008},
  publisher={Wiley Online Library}
}

% coordinate descent for glmnet
@article{friedman2010regularization,
  title={Regularization paths for generalized linear models via coordinate descent},
  author={Friedman, Jerome and Hastie, Trevor and Tibshirani, Rob},
  journal={Journal of statistical software},
  volume={33},
  number={1},
  pages={1},
  year={2010},
  publisher={NIH Public Access}
}

% group descent algorithm grpreg
@article{breheny2015group,
  title={Group descent algorithms for nonconvex penalized linear and logistic regression models with grouped predictors},
  author={Breheny, Patrick and Huang, Jian},
  journal={Statistics and computing},
  volume={25},
  number={2},
  pages={173--187},
  year={2015},
  publisher={Springer}
}

% group bridge
@article{huang2009group,
  title={A group bridge approach for variable selection},
  author={Huang, Jian and Ma, Shuange and Xie, Huiliang and Zhang, Cun-Hui},
  journal={Biometrika},
  volume={96},
  number={2},
  pages={339--355},
  year={2009},
  publisher={Oxford University Press}
}

% penalized bi variate selection (originally had cMCP)
@article{breheny2009penalized,
  title={Penalized methods for bi-level variable selection},
  author={Breheny, Patrick and Huang, Jian},
  journal={Statistics and its interface},
  volume={2},
  number={3},
  pages={369},
  year={2009},
  publisher={NIH Public Access}
}

% summary of bivariate selection methods
@article{huang2012selective,
  title={A selective review of group selection in high-dimensional models},
  author={Huang, Jian and Breheny, Patrick and Ma, Shuangge},
  journal={Statistical science: a review journal of the Institute of Mathematical Statistics},
  volume={27},
  number={4},
  year={2012},
  publisher={NIH Public Access}
}

% MCP
@article{zhang2010nearly,
  title={Nearly unbiased variable selection under minimax concave penalty},
  author={Zhang, Cun-Hui and others},
  journal={The Annals of statistics},
  volume={38},
  number={2},
  pages={894--942},
  year={2010},
  publisher={Institute of Mathematical Statistics}
}

% origianl MCP
@article{zhang2007penalized,
  title={Penalized linear unbiased selection},
  author={Zhang, Cun Hui},
  journal={Department of Statistics and Bioinformatics, Rutgers University},
  volume={3},
  year={2007}
}