% MATRIX ALGEBRA, GENTLE
@book {MR3645468,
    AUTHOR = {Gentle, James E.},
     TITLE = {Matrix algebra},
    SERIES = {Springer Texts in Statistics},
      NOTE = {Theory, computations and applications in statistics,
              Second edition of [ MR2337395]},
 PUBLISHER = {Springer, Cham},
      YEAR = {2017},
     PAGES = {xxix+648},
      ISBN = {978-3-319-64866-8; 978-3-319-64867-5},
   MRCLASS = {15-01 (62-07 62H25 62J05 65Fxx)},
  MRNUMBER = {3645468},
       DOI = {10.1007/978-3-319-64867-5},
       URL = {https://doi.org/10.1007/978-3-319-64867-5},
}

% ELEMENTS OF STATISTICAL LEARNING, HASTIE & co
@book {MR2722294,
    AUTHOR = {Hastie, Trevor and Tibshirani, Robert and Friedman, Jerome},
     TITLE = {The elements of statistical learning},
    SERIES = {Springer Series in Statistics},
   EDITION = {Second},
      NOTE = {Data mining, inference, and prediction},
 PUBLISHER = {Springer, New York},
      YEAR = {2009},
     PAGES = {xxii+745},
      ISBN = {978-0-387-84857-0},
   MRCLASS = {62Gxx (62-09 62H25 62H30 62J07 68T05)},
  MRNUMBER = {2722294},
MRREVIEWER = {Gilles Blanchard},
       DOI = {10.1007/978-0-387-84858-7},
       URL = {https://doi.org/10.1007/978-0-387-84858-7},
}

%Supervised group Lasso with applications to microarray data analysis (i.e. our base paper)
@article{ma2007supervised,
  title={Supervised group Lasso with applications to microarray data analysis},
  author={Ma, Shuangge and Song, Xiao and Huang, Jian},
  journal={BMC bioinformatics},
  volume={8},
  number={1},
  pages={60},
  year={2007},
  publisher={BioMed Central}
}

% ridge regression
@article{hoerl1970ridge,
  title={Ridge regression: Biased estimation for nonorthogonal problems},
  author={Hoerl, Arthur E and Kennard, Robert W},
  journal={Technometrics},
  volume={12},
  number={1},
  pages={55--67},
  year={1970},
  publisher={Taylor \& Francis Group}
}

% the lasso
@article{tibshirani1996regression,
  title={Regression shrinkage and selection via the lasso},
  author={Tibshirani, Robert},
  journal={Journal of the Royal Statistical Society: Series B (Methodological)},
  volume={58},
  number={1},
  pages={267--288},
  year={1996},
  publisher={Wiley Online Library}
}

% elastic net
@article{zou2005regularization,
  title={Regularization and variable selection via the elastic net},
  author={Zou, Hui and Hastie, Trevor},
  journal={Journal of the royal statistical society: series B (statistical methodology)},
  volume={67},
  number={2},
  pages={301--320},
  year={2005},
  publisher={Wiley Online Library}
}

% group lasso
@article{yuan2006model,
  title={Model selection and estimation in regression with grouped variables},
  author={Yuan, Ming and Lin, Yi},
  journal={Journal of the Royal Statistical Society: Series B (Statistical Methodology)},
  volume={68},
  number={1},
  pages={49--67},
  year={2006},
  publisher={Wiley Online Library}
}

% sparse group lasso
@article{friedman2010note,
  title={A note on the group lasso and a sparse group lasso},
  author={Friedman, Jerome and Hastie, Trevor and Tibshirani, Robert},
  journal={arXiv preprint arXiv:1001.0736},
  year={2010}
}

% gap statistic
@article{tibshirani2001estimating,
  title={Estimating the number of clusters in a data set via the gap statistic},
  author={Tibshirani, Robert and Walther, Guenther and Hastie, Trevor},
  journal={Journal of the Royal Statistical Society: Series B (Statistical Methodology)},
  volume={63},
  number={2},
  pages={411--423},
  year={2001},
  publisher={Wiley Online Library}
}

% pcLasso
@ARTICLE{2018arXiv181004651T,
       author = {{Tay}, J. Kenneth and {Friedman}, Jerome and {Tibshirani}, Robert},
        title = "{Principal component-guided sparse regression}",
      journal = {arXiv e-prints},
     keywords = {Statistics - Methodology, Statistics - Machine Learning},
         year = "2018",
        month = "Oct",
          eid = {arXiv:1810.04651},
        pages = {arXiv:1810.04651},
archivePrefix = {arXiv},
       eprint = {1810.04651},
 primaryClass = {stat.ME},
       adsurl = {https://ui.adsabs.harvard.edu/abs/2018arXiv181004651T},
      adsnote = {Provided by the SAO/NASA Astrophysics Data System}
}